@article{Feynman1982Jun,
	author = {Feynman, Richard P.},
	title = {{Simulating physics with computers}},
	journal = {Int. J. Theor. Phys.},
	volume = {21},
	number = {6},
	pages = {467--488},
	year = {1982},
	month = jun,
	issn = {1572-9575},
	publisher = {Kluwer Academic Publishers-Plenum Publishers},
	doi = {10.1007/BF02650179}
}

@book{Szabo1996Jul,
	author = {Szabo, Attila and Ostlund, Neil S.},
	title = {{Modern Quantum Chemistry: Introduction to Advanced Electronic Structure Theory (Dover Books on Chemistry)}},
	year = {1996},
	month = jul,
	isbn = {978-0-48669186-2},
	publisher = {Dover Publications},
	address = {Mineola, NY, USA}
}

@book{Cramer2004Sep,
	author = {Cramer, Christopher J.},
	title = {{Essentials of Computational Chemistry: Theories and Models, 2nd Edition}},
	year = {2004},
	month = sep,
	isbn = {978-0-470-09182-1},
	publisher = {Wiley},
	address = {Hoboken, NJ, USA},
	url = {https://www.wiley.com/en-ie/Essentials+of+Computational+Chemistry%3A+Theories+and+Models%2C+2nd+Edition-p-9780470091821}
}

@book{Jensen2011Dec,
	author = {Jensen, Frank},
	title = {{Introduction to Computational Chemistry}},
	year = {2011},
	month = dec,
	isbn = {978-0-47001187-4},
}

@misc{BibEntry2006Aug,
    author = {Harrison, Nicholas M.},
	year = {2006},
	month = aug,
	url = {https://www.ch.imperial.ac.uk/harrison/Teaching/DFT_NATO.pdf}
}

@article{Burke2012Apr,
	author = {Burke, Kieron},
	title = {{Perspective on density functional theory}},
	journal = {J. Chem. Phys.},
	volume = {136},
	number = {15},
	pages = {150901},
	year = {2012},
	month = apr,
	issn = {0021-9606},
	publisher = {American Institute of Physics},
	doi = {10.1063/1.4704546}
}

@article{Lloyd1996Aug,
	author = {Lloyd, Seth},
	title = {{Universal Quantum Simulators}},
	journal = {Science},
	volume = {273},
	number = {5278},
	pages = {1073--1078},
	year = {1996},
	month = aug,
	issn = {0036-8075},
	publisher = {American Association for the Advancement of Science},
	doi = {10.1126/science.273.5278.1073}
}

@article{Aspuru-Guzik2005Sep,
	author = {Aspuru-Guzik, Ala'n and Dutoi, Anthony D. and Love, Peter J. and Head-Gordon, Martin},
	title = {{Simulated Quantum Computation of Molecular Energies}},
	journal = {Science},
	volume = {309},
	number = {5741},
	pages = {1704--1707},
	year = {2005},
	month = sep,
	issn = {0036-8075},
	publisher = {American Association for the Advancement of Science},
	doi = {10.1126/science.1113479}
}

@article{Peruzzo2014Jul,
	author = {Peruzzo, Alberto and McClean, Jarrod and Shadbolt, Peter and Yung, Man-Hong and Zhou, Xiao-Qi and Love, Peter J. and Aspuru-Guzik, Alán and O{'}Brien, Jeremy L.},
	title = {{A variational eigenvalue solver on a photonic quantum processor}},
	journal = {Nat. Commun.},
	volume = {5},
	number = {4213},
	pages = {1--7},
	year = {2014},
	month = jul,
	issn = {2041-1723},
	publisher = {Nature Publishing Group},
	doi = {10.1038/ncomms5213}
}

@incollection{Shor1994Nov,
	author = {Shor, P. W.},
	title = {{Algorithms for quantum computation: discrete logarithms and factoring}},
	booktitle = {{Proceedings 35th Annual Symposium on Foundations of Computer Science}},
	pages = {124--134},
	year = {1994},
	month = nov,
	publisher = {IEEE},
	doi = {10.1109/SFCS.1994.365700}
}

@incollection{Grover1996Jul,
	author = {Grover, Lov K.},
	title = {{A fast quantum mechanical algorithm for database search}},
	booktitle = {{STOC '96: Proceedings of the twenty-eighth annual ACM symposium on Theory of Computing}},
	pages = {212--219},
	year = {1996},
	month = jul,
	publisher = {Association for Computing Machinery},
	address = {New York, NY, USA},
	doi = {10.1145/237814.237866}
}

@article{Arute2019Oct,
	author = {Arute, Frank and Arya, Kunal and Babbush, Ryan and Bacon, Dave and Bardin, Joseph C. and Barends, Rami and Biswas, Rupak and Boixo, Sergio and Brandao, Fernando G. S. L. and Buell, David A. and Burkett, Brian and Chen, Yu and Chen, Zijun and Chiaro, Ben and Collins, Roberto and Courtney, William and Dunsworth, Andrew and Farhi, Edward and Foxen, Brooks and Fowler, Austin and Gidney, Craig and Giustina, Marissa and Graff, Rob and Guerin, Keith and Habegger, Steve and Harrigan, Matthew P. and Hartmann, Michael J. and Ho, Alan and Hoffmann, Markus and Huang, Trent and Humble, Travis S. and Isakov, Sergei V. and Jeffrey, Evan and Jiang, Zhang and Kafri, Dvir and Kechedzhi, Kostyantyn and Kelly, Julian and Klimov, Paul V. and Knysh, Sergey and Korotkov, Alexander and Kostritsa, Fedor and Landhuis, David and Lindmark, Mike and Lucero, Erik and Lyakh, Dmitry and Mandrà, Salvatore and McClean, Jarrod R. and McEwen, Matthew and Megrant, Anthony and Mi, Xiao and Michielsen, Kristel and Mohseni, Masoud and Mutus, Josh and Naaman, Ofer and Neeley, Matthew and Neill, Charles and Niu, Murphy Yuezhen and Ostby, Eric and Petukhov, Andre and Platt, John C. and Quintana, Chris and Rieffel, Eleanor G. and Roushan, Pedram and Rubin, Nicholas C. and Sank, Daniel and Satzinger, Kevin J. and Smelyanskiy, Vadim and Sung, Kevin J. and Trevithick, Matthew D. and Vainsencher, Amit and Villalonga, Benjamin and White, Theodore and Yao, Z. Jamie and Yeh, Ping and Zalcman, Adam and Neven, Hartmut and Martinis, John M.},
	title = {{Quantum supremacy using a programmable superconducting processor}},
	journal = {Nature},
	volume = {574},
	pages = {505--510},
	year = {2019},
	month = oct,
	issn = {1476-4687},
	publisher = {Nature Publishing Group},
	doi = {10.1038/s41586-019-1666-5}
}

@book{Nielsen2010Dec,
	author = {Nielsen, Michael A. and Chuang, Isaac L.},
	title = {{Quantum Computation and Quantum Information: 10th Anniversary Edition}},
	journal = {Higher Education from Cambridge University Press},
	year = {2010},
	month = dec,
	isbn = {978-0-51197666-7},
	publisher = {Cambridge University Press},
	address = {Cambridge, England, UK},
	doi = {10.1017/CBO9780511976667}
}

@article{Nest2008Nov,
	author = {Nest, M. Van den},
	title = {{Classical simulation of quantum computation, the Gottesman-Knill theorem, and slightly beyond}},
	journal = {arXiv},
	year = {2008},
	month = nov,
	eprint = {0811.0898},
	doi = {10.48550/arXiv.0811.0898}
}

@article{McArdle2020Mar,
	author = {McArdle, Sam and Endo, Suguru and Aspuru-Guzik, Alán and Benjamin, Simon C. and Yuan, Xiao},
	title = {{Quantum computational chemistry}},
	journal = {Rev. Mod. Phys.},
	volume = {92},
	number = {1},
	pages = {015003},
	year = {2020},
	month = mar,
	issn = {1539-0756},
	publisher = {American Physical Society},
	doi = {10.1103/RevModPhys.92.015003}
}

@article{Kottmann2020Nov,
	author = {Kottmann, Jakob S. and Alperin-Lea, Sumner and Tamayo-Mendoza, Teresa and Cervera-Lierta, Alba and Lavigne, Cyrille and Yen, Tzu-Ching and Verteletskyi, Vladyslav and Schleich, Philipp and Anand, Abhinav and Degroote, Matthias and Chaney, Skylar and Kesibi, Maha and Curnow, Naomi Grace and Solo, Brandon and Tsilimigkounakis, Georgios and Zendejas-Morales, Claudia and Izmaylov, Artur F. and Aspuru-Guzik, Alán},
	title = {{Tequila: A platform for rapid development of quantum algorithms}},
	journal = {arXiv},
	year = {2020},
	month = nov,
	eprint = {2011.03057},
	doi = {10.1088/2058-9565/abe567}
}

@article{Preskill2018Aug,
	author = {Preskill, John},
	title = {{Quantum Computing in the NISQ era and beyond}},
	journal = {Quantum},
	volume = {2},
	pages = {79},
	year = {2018},
	month = aug,
	publisher = {Verein zur Förderung des Open Access Publizierens in den Quantenwissenschaften},
	eprint = {1801.00862v3},
	doi = {10.22331/q-2018-08-06-79}
}

@article{Cao2019Oct,
	author = {Cao, Yudong and Romero, Jonathan and Olson, Jonathan P. and Degroote, Matthias and Johnson, Peter D. and Kieferová, Mária and Kivlichan, Ian D. and Menke, Tim and Peropadre, Borja and Sawaya, Nicolas P. D. and Sim, Sukin and Veis, Libor and Aspuru-Guzik, Alán},
	title = {{Quantum Chemistry in the Age of Quantum Computing}},
	journal = {Chem. Rev.},
	volume = {119},
	number = {19},
	pages = {10856--10915},
	year = {2019},
	month = oct,
	issn = {0009-2665},
	publisher = {American Chemical Society},
	doi = {10.1021/acs.chemrev.8b00803}
}

@article{Poirier2020,
	author = {Poirier, Nicolas},
	title = {{Born-Oppenheimer molecular dynamics using the variational quantum eigensolver}},
	journal = {eScholarship@McGill},
	year = {2020},
	url = {https://escholarship.mcgill.ca/concern/theses/fn107335s}
}

@article{Bauer2020Nov,
	author = {Bauer, Bela and Bravyi, Sergey and Motta, Mario and Chan, Garnet Kin-Lic},
	title = {{Quantum Algorithms for Quantum Chemistry and Quantum Materials Science}},
	journal = {Chem. Rev.},
	volume = {120},
	number = {22},
	pages = {12685--12717},
	year = {2020},
	month = nov,
	issn = {1520-6890},
	publisher = {See full text options at American Chemical Society},
	eprint = {33090772},
	doi = {10.1021/acs.chemrev.9b00829}
}

@article{Shikano2021Jun,
	author = {Shikano, Yutaka and Watanabe, Hiroshi C. and Nakanishi, Ken M. and Ohnishi, Yu-ya},
	title = {{Post-Hartree-Fock method in quantum chemistry for quantum computer}},
	journal = {Eur. Phys. J. Spec. Top.},
	volume = {230},
	number = {4},
	pages = {1037--1051},
	year = {2021},
	month = jun,
	issn = {1951-6401},
	publisher = {Springer Berlin Heidelberg},
	doi = {10.1140/epjs/s11734-021-00087-z}
}

@article{Bassman2021Sep,
	author = {Bassman, Lindsay and Urbanek, Miroslav and Metcalf, Mekena and Carter, Jonathan and Kemper, Alexander F. and de Jong, Wibe A.},
	title = {{Simulating quantum materials with digital quantum computers}},
	journal = {Quantum Sci. Technol.},
	volume = {6},
	number = {4},
	pages = {043002},
	year = {2021},
	month = sep,
	issn = {2058-9565},
	publisher = {IOP Publishing},
	doi = {10.1088/2058-9565/ac1ca6}
}

@article{Motta2021Dec,
	author = {Motta, Mario and Rice, Julia E.},
	title = {{Emerging quantum computing algorithms for quantum chemistry}},
	journal = {WIREs Comput. Mol. Sci.},
	year = {2021},
	month = dec,
	issn = {1759-0876},
	publisher = {John Wiley and Sons Inc},
	doi = {10.1002/wcms.1580}
}

@article{Kim2021Apr,
	author = {Kim, Isaac H. and Lee, Eunseok and Liu, Ye-Hua and Pallister, Sam and Roberts, Sam},
	title = {{Fault-tolerant resource estimate for quantum chemical simulations: Case study on Li-ion battery electrolyte molecules}},
	journal = {ResearchGate},
	year = {2021},
	month = apr,
	url = {https://www.researchgate.net/publication/351046677_Fault-tolerant_resource_estimate_for_quantum_chemical_simulations_Case_study_on_Li-ion_battery_electrolyte_molecules}
}

@article{Andersson2022Jun,
	author = {Andersson, Martin P. and Jones, Mark N. and Mikkelsen, Kurt V. and You, Fengqi and Mansouri, Seyed Soheil},
	title = {{Quantum computing for chemical and biomolecular product design}},
	journal = {Curr. Opin. Chem. Eng.},
	volume = {36},
	pages = {100754},
	year = {2022},
	month = jun,
	issn = {2211-3398},
	publisher = {Elsevier},
	doi = {10.1016/j.coche.2021.100754}
}

@article{Bruzewicz2019Apr,
	author = {Bruzewicz, Colin D. and Chiaverini, John and McConnell, Robert and Sage, Jeremy M.},
	title = {{Trapped-Ion Quantum Computing: Progress and Challenges}},
	journal = {arXiv},
	year = {2019},
	month = apr,
	eprint = {1904.04178},
	doi = {10.1063/1.5088164}
}

@article{Materise2017Aug,
	author = {Materise, Nicholas},
	title = {{An Introduction to Superconducting Qubits and Circuit Quantum Electrodynamics}},
	journal = {arXiv},
	year = {2017},
	month = aug,
	eprint = {1708.07000},
	doi = {10.1007/978-3-319-92726-8_10}
}

@misc{BibEntry2022Aug,
	title = {{Quantum computing with superconducting qubits {\ifmmode---\else\textemdash\fi} PennyLane documentation}},
	year = {2022},
	month = aug,
	note = {[Online; accessed 30. Aug. 2022]},
	url = {https://pennylane.ai/qml/demos/tutorial_sc_qubits.html}
}

@misc{BibEntry2016Jul,
	year = {2016},
	month = jul,
	note = {[Online; accessed 30. Aug. 2022]},
	url = {https://physlab.org/wp-content/uploads/2016/07/QComp-Photons-2015-J-Phys-B.pdf}
}

@article{Lucero2021May,
	author = {Lucero, Erik},
	title = {{Unveiling our new Quantum AI campus}},
	journal = {Google},
	year = {2021},
	month = may,
	publisher = {Google},
	url = {https://blog.google/technology/ai/unveiling-our-new-quantum-ai-campus}
}

@article{Veis2014Jun,
	author = {Veis, Libor and Pittner},
	title = {{Adiabatic state preparation study of methylene}},
	journal = {J. Chem. Phys.},
	volume = {140},
	number = {21},
	pages = {214111},
	year = {2014},
	month = jun,
	issn = {0021-9606},
	publisher = {American Institute of Physics},
	doi = {10.1063/1.4880755}
}

@article{Wiebe2011Oct,
	author = {Wiebe, Nathan and Berry, Dominic W. and H{\o}yer, Peter and Sanders, Barry C.},
	title = {{Simulating quantum dynamics on a quantum computer}},
	journal = {J. Phys. A: Math. Theor.},
	volume = {44},
	number = {44},
	pages = {445308},
	year = {2011},
	month = oct,
	issn = {1751-8121},
	publisher = {IOP Publishing},
	doi = {10.1088/1751-8113/44/44/445308}
}

@article{Reiher2017Jul,
	author = {Reiher, Markus and Wiebe, Nathan and Svore, Krysta M. and Wecker, Dave and Troyer, Matthias},
	title = {{Elucidating reaction mechanisms on quantum computers}},
	journal = {Proc. Natl. Acad. Sci. U.S.A.},
	volume = {114},
	number = {29},
	pages = {7555--7560},
	year = {2017},
	month = jul,
	issn = {1091-6490},
	publisher = {See full text options at Atypon},
	eprint = {28674011},
	doi = {10.1073/pnas.1619152114}
}

@article{Blunt2022Jun,
	author = {Blunt, Nick S. and Camps, Joan and Crawford, Ophelia and Izsák, Róbert and Leontica, Sebastian and Mirani, Arjun and Moylett, Alexandra E. and Scivier, Sam A. and Sünderhauf, Christoph and Schopf, Patrick and Taylor, Jacob M. and Holzmann, Nicole},
	title = {{A perspective on the current state-of-the-art of quantum computing for drug discovery applications}},
	journal = {arXiv},
	year = {2022},
	month = jun,
	eprint = {2206.00551},
	doi = {10.48550/arXiv.2206.00551}
}

@article{McClean2016Feb,
	author = {McClean, Jarrod R. and Romero, Jonathan and Babbush, Ryan and Aspuru-Guzik, Alán},
	title = {{The theory of variational hybrid quantum-classical algorithms}},
	journal = {New J. Phys.},
	volume = {18},
	number = {2},
	pages = {023023},
	year = {2016},
	month = feb,
	issn = {1367-2630},
	publisher = {IOP Publishing},
	doi = {10.1088/1367-2630/18/2/023023}
}

@article{Tilly2021Nov,
	author = {Tilly, Jules and Chen, Hongxiang and Cao, Shuxiang and Picozzi, Dario and Setia, Kanav and Li, Ying and Grant, Edward and Wossnig, Leonard and Rungger, Ivan and Booth, George H. and Tennyson, Jonathan},
	title = {{The Variational Quantum Eigensolver: a review of methods and best practices}},
	journal = {arXiv},
	year = {2021},
	month = nov,
	eprint = {2111.05176},
	doi = {10.48550/arXiv.2111.05176}
}

@article{Lee2019Jan,
	author = {Lee, Joonho and Huggins, William J. and Head-Gordon, Martin and Whaley, K. Birgitta},
	title = {{Generalized Unitary Coupled Cluster Wave functions for Quantum Computation}},
	journal = {J. Chem. Theory Comput.},
	volume = {15},
	number = {1},
	pages = {311--324},
	year = {2019},
	month = jan,
	issn = {1549-9618},
	publisher = {American Chemical Society},
	doi = {10.1021/acs.jctc.8b01004}
}

@article{Gonthier2020Dec,
	author = {Gonthier, Jérôme F. and Radin, Maxwell D. and Buda, Corneliu and Doskocil, Eric J. and Abuan, Clena M. and Romero, Jhonathan},
	title = {{Identifying challenges towards practical quantum advantage through resource estimation: the measurement roadblock in the variational quantum eigensolver}},
	journal = {arXiv},
	year = {2020},
	month = dec,
	eprint = {2012.04001},
	doi = {10.48550/arXiv.2012.04001}
}

@article{Elfving2020Sep,
	author = {Elfving, V. E. and Broer, B. W. and Webber, M. and Gavartin, J. and Halls, M. D. and Lorton, K. P. and Bochevarov, A.},
	title = {{How will quantum computers provide an industrially relevant computational advantage in quantum chemistry?}},
	journal = {arXiv},
	year = {2020},
	month = sep,
	eprint = {2009.12472},
	doi = {10.48550/arXiv.2009.12472}
}

@article{Wack2021Oct,
	author = {Wack, Andrew and Paik, Hanhee and Javadi-Abhari, Ali and Jurcevic, Petar and Faro, Ismael and Gambetta, Jay M. and Johnson, Blake R.},
	title = {{Quality, Speed, and Scale: three key attributes to measure the performance of near-term quantum computers}},
	journal = {arXiv},
	year = {2021},
	month = oct,
	eprint = {2110.14108},
	doi = {10.48550/arXiv.2110.14108}
}

@misc{BibEntry2022Sep,
	title = {{IBM Quantum}},
	journal = {IBM Quantum},
	year = {2022},
	month = sep,
	note = {[Online; accessed 29. Sep. 2022]},
	url = {https://quantum-computing.ibm.com/services/resources}
}

@misc{BibEntry2022May,
	title = {{Quantum computing {$\vert$} Arthur D. Little}},
	year = {2022},
	month = sep,
	note = {[Online; accessed 30. Sep. 2022]},
	url = {https://www.adlittle.com/en/insights/viewpoints/quantum-computing}
}

@article{Wang2019Apr,
	author = {Wang, Daochen and Higgott, Oscar and Brierley, Stephen},
	title = {{Accelerated Variational Quantum Eigensolver}},
	journal = {Phys. Rev. Lett.},
	volume = {122},
	number = {14},
	pages = {140504},
	year = {2019},
	month = apr,
	issn = {1079-7114},
	publisher = {American Physical Society},
	doi = {10.1103/PhysRevLett.122.140504}
}

@article{Ma2020Jul,
	author = {Ma, He and Govoni, Marco and Galli, Giulia},
	title = {{Quantum simulations of materials on near-term quantum computers}},
	journal = {npj Comput. Mater.},
	volume = {6},
	number = {85},
	pages = {1--8},
	year = {2020},
	month = jul,
	issn = {2057-3960},
	publisher = {Nature Publishing Group},
	doi = {10.1038/s41524-020-00353-z}
}

@article{Anand2022Mar,
	author = {Anand, Abhinav and Schleich, Philipp and Alperin-Lea, Sumner and Jensen, Phillip W. K. and Sim, Sukin and Díaz-Tinoco, Manuel and Kottmann, Jakob S. and Degroote, Matthias and Izmaylov, Artur F. and Aspuru-Guzik, Alán},
	title = {{A quantum computing view on unitary coupled cluster theory}},
	journal = {Chem. Soc. Rev.},
	volume = {51},
	number = {5},
	pages = {1659--1684},
	year = {2022},
	month = mar,
	issn = {0306-0012},
	publisher = {The Royal Society of Chemistry},
	doi = {10.1039/D1CS00932J}
}

@article{Huggins2022Mar,
	author = {Huggins, William J. and O{'}Gorman, Bryan A. and Rubin, Nicholas C. and Reichman, David R. and Babbush, Ryan and Lee, Joonho},
	title = {{Unbiasing fermionic quantum Monte Carlo with a quantum computer}},
	journal = {Nature},
	volume = {603},
	pages = {416--420},
	year = {2022},
	month = mar,
	issn = {1476-4687},
	publisher = {Nature Publishing Group},
	doi = {10.1038/s41586-021-04351-z}
}

@article{Stanisic2021Dec,
	author = {Stanisic, Stasja and Bosse, Jan Lukas and Gambetta, Filippo Maria and Santos, Raul A. and Mruczkiewicz, Wojciech and O'Brien, Thomas E. and Ostby, Eric and Montanaro, Ashley},
	title = {{Observing ground-state properties of the Fermi-Hubbard model using a scalable algorithm on a quantum computer}},
	journal = {arXiv},
	year = {2021},
	month = dec,
	eprint = {2112.02025},
	doi = {10.48550/arXiv.2112.02025}
}

@article{vonBurg2021,
	author = {von Burg, Vera and Low, G. and Häner, Thomas and Steiger, Damian S. and Reiher, M. and Roetteler, M. and Troyer, M.},
	title = {{Quantum computing enhanced computational catalysis}},
	journal = {undefined},
	year = {2021},
	url = {https://www.semanticscholar.org/paper/Quantum-computing-enhanced-computational-catalysis-Burg-Low/1df87ec3b118d35003aca194f5842129284f0a5d}
}

@article{Gokhale2019Jul,
	author = {Gokhale, Pranav and Angiuli, Olivia and Ding, Yongshan and Gui, Kaiwen and Tomesh, Teague and Suchara, Martin and Martonosi, Margaret and Chong, Frederic T.},
	title = {{Minimizing State Preparations in Variational Quantum Eigensolver by Partitioning into Commuting Families}},
	journal = {arXiv},
	year = {2019},
	month = jul,
	eprint = {1907.13623},
	doi = {10.48550/arXiv.1907.13623}
}

@article{Lee2020Nov,
	author = {Lee, Joonho and Berry, Dominic W. and Gidney, Craig and Huggins, William J. and McClean, Jarrod R. and Wiebe, Nathan and Babbush, Ryan},
	title = {{Even more efficient quantum computations of chemistry through tensor hypercontraction}},
	journal = {arXiv},
	year = {2020},
	month = nov,
	eprint = {2011.03494},
	doi = {10.1103/PRXQuantum.2.030305}
}